3146 4714
715 253 734 315 6

154 427 250 504 atque
273 421 395 506 primus
428 420 482 486 ille
514 420 616 487 codex
638 421 832 487 Harleianus
861 421 1002 488 nondum
1030 424 1177 490 conlatus
1200 426 1289 492 uide-

153 515 211 574 tur.
257 507 343 591 quod
377 513 485 574 autern
517 508 550 574 in
583 506 722 574 editione
745 509 907 593 Valpiana
940 523 1014 576 eum
1047 511 1183 594 legimus
1215 533 1288 579 esse

153 593 368 662 ‘ehnrtabeum
403 593 508 660 lucide
543 594 696 678 seriptum
733 613 816 661 snee.
866 595 925 662 lll'
974 595 1009 662 id
1048 616 1089 663 ne
1123 599 1288 665 minimam

152 681 282 764 quidem
303 681 401 747 babet
423 679 691 766 probabilitatem,
730 681 806 764 quia
836 681 940 748 eidem
969 702 1042 749 eum
1064 684 1210 751 familiae
1233 688 1285 752 eui

151 775 275 835 eeteros
298 766 543 833 adtribueudum
565 787 638 833 esse
661 786 701 833 ex
724 767 835 834 ordine
872 788 934 851 quo
957 770 1119 836 orationes
1141 771 1225 838 inter
1249 793 1284 838 se

151 862 225 920 sunt
247 853 422 940 dispositae
456 854 537 920 satis
571 860 658 919 certo
690 855 833 920 allicitur.
879 856 913 921 in
941 856 1134 930 editionibus
1157 860 1285 924 enimn

149 940 275 1008 Liuinei
297 940 493 1028 temporibus
525 941 691 1026 imp-sessis
724 941 914 1007 distributae
948 942 1031 1010 inter
1062 963 1097 1009 se
1120 946 1283 1012 orationes
1401 973 1409 984 ·

148 1036 224 1094 sunt
239 1026 415 1095 seeundum
431 1026 574 1094 ordinem
589 1033 778 1113 temporum,
800 1035 836 1093 ut
850 1028 934 1094 Plini
950 1030 1181 1116 panegyricum
1198 1031 1283 1098 duae

147 1115 223 1190 illae
246 1121 422 1198 sequantur
444 1115 615 1201 orationes,
640 1133 723 1197 quae
746 1115 788 1180 ad
803 1115 1034 1182 Maximianum
1063 1124 1096 1182 et
1112 1118 1284 1184 Diocletia-

147 1221 223 1268 num
245 1201 376 1268 hahitae
399 1201 589 1268 Mamertino
622 1201 734 1267 maiori
767 1202 863 1284 uolgo
893 1202 1124 1270 adscribuntur.
1171 1212 1283 1271 eontra

146 1289 180 1354 in
202 1285 428 1376 manuscriptls
448 1287 719 1373 hebromanum
747 1294 910 1371 quantum
926 1288 1074 1372 equidem
1097 1292 1281 1376 perspieere

145 1377 251 1462 potui,
283 1376 366 1441 Plini
401 1375 633 1464 panegyricum
667 1381 833 1444 secuntur¹
850 1375 968 1441 ‘Latini
1000 1377 1114 1442 Paesti
1136 1379 1281 1462 Drepani

144 1461 361 1548 penegyrions
386 1461 629 1529 Theodosio
650 1463 797 1545 Augusto
830 1461 935 1528 dietum
958 1462 1073 1529 (ilsudi
1095 1464 1279 1535 Mamertini

143 1565 202 1634 pro
224 1549 473 1616 consulmssem
495 1549 778 1633 gratiarumaotlo
799 1549 821 1616 J
830 1549 967 1616 eliano
989 1550 1135 1650 Augusta
1157 1552 1278 1618 Nauari

142 1634 964 1804 dtdhtnhtrttttlhthhtdlii
985 1635 1279 1790 „hillidii”
1326 1723 1329 1729 ·

141 1808 210 1893 biti,
233 1825 327 1892 quern
349 1809 492 1875 eundem·
522 1807 680 1876 ordinem·
696 1807 798 1876 etiam
826 1808 860 1874 in
883 1809 1058 1875 Harleiano
1082 1809 1202 1876 ·.eodiee
1225 1813 1277 1878 ob-

142 1902 305 1962 seruatum
318 1913 393 1962 esse
407 1895 552 1962 traditur.
597 1894 683 1962 idem
697 1893 786 1960 eadit
807 1895 842 1959 in
856 1894 1136 1965 vindobonensem
1157 1897 1274 1964 librum

137 1981 196 2064 qni
216 1980 591 2048 seeundnmblndlleheri
613 1982 796 2064 oatalogum
818 1982 919 2046 ‘anno
931 1983 1015 2048 1468
1037 1983 1071 2047 in
1085 1985 1273 2050 membrana

138 2067 487 2154 Florentiae‘serlptns
496 2067 620 2134 litteris
636 2068 813 2133 initialibus
829 2067 923 2152 pletis
940 2075 973 2133 et
988 2087 1067 2135 suro
1081 2071 1211 2136 ornatis'
1238 2070 1270 2136 in

137 2154 234 2221 tbllis'
250 2155 308 2221 191
326 2153 455 2240 praeter*
469 2153 625 2220 ‘Plinide
637 2154 715 2220 uiris
731 2154 908 2222 illustribus
924 2154 1035 2222 librum
1049 2155 1132 2221 Plini
1155 2157 1274 2241 epistu-

138 2241 190 2308 las
210 2240 570 2344 doannis‘blaneionarl
599 2241 692 2306 nitas
714 2240 1072 2342 uumumoeltntomm}
1097 2242 1195 2308 etiam
1218 2263 1272 2333 pa·

136 2328 515 2484 ttththtlttt
529 2326 1271 2499 ttttlhhlttdlhthll‘dlitt

136 2494 279 2586 eodibes·
293 2502 384 2568 euius
399 2513 404 2536 '
418 2501 577 2570 lectiones·
595 2500 823 2586 Eyssenhardt
853 2500 903 2566 ad.
928 2500 1096 2587 exemplar
1117 2501 1268 2569 editionis
1363 2569 1365 2575 ,

135 2588 351 2672 laegaiame
365 2587 521 2655 ademare
537 2588 684 2655 conlatas
699 2587 777 2652 mihi
793 2587 840 2653 ita
858 2586 1083 2672 eommodasit,
1106 2588 1269 2654 utdihera-

135 2668 236 2740 litatis
256 2675 328 2740 eihs
351 2675 475 2758 gratius
498 2675 577 2741 mihi
599 2674 750 2760 agendae
770 2674 842 2743 sint
857 2691 953 2758 quem
969 2694 1157 2759 unanumae,
1186 2675 1270 2747 infru

135 2762 189 2827 ubl
212 2761 253 2827 de
276 2761 413 2845 singulis
436 2760 781 2830 codicibnsdlssaram
812 2779 902 2846 quae
930 2761 1008 2828 mihi
1030 2761 1201 2828 uideantur
1223 2763 1269 2827 lu-

75 2863 78 2868 ⁴
134 2847 201 2914 shrs
223 2847 416 2934 explanabo.
446 2847 649 2914 ‘telleuoruln
683 2857 791 2915 autem
814 2847 969 2914 librorum
987 2848 1101 2921 notitia
1122 2848 1200 2923 mihi
1221 2867 1269 2914 re-

125 2935 279 3018 petenda·
295 2941 367 3001 erat
389 2935 430 3002 ab
452 2933 646 3001 editlordhus
666 2941 831 3002 ea¹uetste
853 2934 1029 3018 impressis,
1052 2954 1117 3017 qua
1138 2955 1193 3002 aes
1215 2955 1265 3001 oo·

134 3021 245 3088 dieum
274 3019 307 3087 in
320 3039 326 3050 “
340 3021 604 3088 ordines‘eertos'
633 3038 816 3106 generaque
839 3021 1114 3088 disoribondor'um
1137 3042 1268 3106 prorsus

133 3108 461 3192 ignorassemus
481 3108 519 3174 in·
538 3125 578 3174 re
596 3107 818 3174 valuodoleo·
831 3109 922 3174 nulla
949 3107 1026 3176 iere·
1038 3109 1115 3174 mibi
1138 3116 1268 3193 praesto

131 3196 231 3262 tuisse
247 3195 523 3280 exemplarianisi
538 3213 578 3260 ex
634 3195 753 3260 iorihus
768 3195 964 3260 editionibus
978 3195 1148 3280 descripta.
1165 3197 1267 3273 multa

130 3283 216 3348 enlm
236 3300 321 3366 qnae
351 3281 384 3347 in
413 3281 592 3366 ‘hisuquaes
608 3281 734 3347 ionibus
762 3295 959 3368 magnopere
991 3301 1044 3348 me
1065 3281 1267 3348 adiuuissent

129 3377 189 3439 net
208 3371 245 3436 in
264 3361 561 3455 gryphiswaldemt
574 3390 579 3427 ι
594 3367 787 3440 bibliotbeoa
820 3384 880 3434 neo
912 3369 945 3434 in
974 3367 1169 3434 berolinensi
1190 3369 1266 3433 usui

129 3467 201 3524 meo
223 3457 430 3574 putebanthl
475 3457 584 3539 itaque
600 3453 742 3521 Putaroli
763 3461 889 3522 metum
909 3453 1040 3520 eodioes
1059 3460 1211 3536 quattuor
1233 3460 1266 3521 et

214 3639 244 3695 bl
259 3645 323 3686 usus
340 3631 670 3700 rempham-ulpianam
687 3633 755 3684 illem
774 3635 906 3683 editionem
932 3633 1004 3684 hum
1020 3633 1149 3695 inpressis
1167 3633 1221 3684 bis:
1242 3638 1264 3684 l.

78 3725 80 3731 ·
127 3705 179 3756 ¹11
192 3700 336 3769 pannium
350 3715 483 3764 ueterum
497 3704 674 3766 admodum
691 3719 742 3766 qua
758 3704 892 3767 editionem
910 3718 959 3764 qus
974 3703 1132 3768 scripturum,
1148 3703 1264 3754 ‹inflantis

125 3777 189 3824 loeta
206 3775 336 3836 emendati,
354 3777 435 3835 anath
452 3788 532 3836 nuper
548 3772 647 3834 quidem
665 3789 712 3834 ope
721 3773 772 3820 doh
797 3773 919 3820 Liuineii:
935 3787 1001 3820 nune
1018 3786 1077 3818 vero
1096 3771 1172 3833 operb
1189 3773 1264 3819 dani

125 3845 271 3900 Gruteni:
288 3848 599 3906 pmqterprquorumnotas
617 3843 737 3890 aeeednut
756 3843 830 3893 etiam
848 3843 1004 3892 coniecturae
1022 3839 1133 3907 Valentia
1157 3841 1263 3888 Acidalii

126 3918 150 3960 et
168 3913 455 3961 conradillittershusii.
468 3909 625 3958 h‘raneolurtl
646 3913 710 3959 1607
738 3913 778 3963 12.
815 3913 837 3956 2.
856 3904 985 3960 duodecim
1004 3905 1147 3970 panegyrici
1166 3913 1263 3960 veteres

123 3997 153 4029 ex
171 3981 270 4029 saeculo
287 3983 466 4033 aDioeletluno
484 3981 515 4036 ad
523 3979 692 4042 Theodosium
710 3979 870 4043 superstites,
888 3979 1004 4026 recensiti
1024 3981 1048 4024 et
1061 3977 1263 4025 adnotationibus

121 4050 239 4098 illustrati
256 4066 272 4097 n
284 4050 517 4112 christophoro
535 4047 684 4103 Cellario.
720 4045 1013 4110 Halisbtegdeburgieis.
1035 4047 1106 4094 1⁷08.
1126 4049 1150 4099 8.
1184 4047 1205 4092 3.
1220 4061 1262 4106 pn-

58 4145 61 4150 ’
121 4120 356 4181 amutal-ueteres:
385 4119 589 4183 interpretatione
616 4121 640 4168 et
658 4119 726 4164 notis
757 4117 783 4162 in
806 4129 878 4162 usum
896 4115 1015 4178 Delphini
1038 4115 1176 4162 illustravit
1194 4114 1260 4161 dae.

123 4189 158 4235 de
175 4190 206 4234 la
224 4189 337 4235 Banna.
372 4190 457 4237 venet.
480 4189 554 4237 ttae.
572 4189 596 4234 4.
632 4187 658 4234 t.
683 4185 871 4248 obseruationes
895 4183 1112 4250 philologiaeque
1129 4183 1261 4235 Claudium

121 4255 304 4317 Mamertinum,
333 4272 395 4317 quas
413 4271 462 4304 una
480 4271 537 4304 eum
554 4259 625 4302 textu
643 4254 823 4316 imprimendas
841 4253 938 4301 curavit
956 4253 1168 4300 Christianus
1186 4251 1261 4300 (iot-

526 4375 528 4382 ’
546 4377 562 4424 h
