3146 4714
800 259 840 323 19

248 438 348 499 tatem
380 430 450 497 eius
483 428 621 514 adparm
652 427 836 494 oontirmarl
877 429 975 496 nullo.
1020 434 1119 514 etque
1149 430 1289 497 etiamsi*
1315 447 1408 498 oon-1

248 518 401 586 cedamus
423 515 651 584 Mamertinum
685 515 847 581 orationes
881 517 905 582 ll
940 522 973 581 et
994 515 1029 580 lll
1062 516 1242 602 scripsisse,
1280 525 1389 584 tamen

250 604 386 672 eundem
420 603 505 669 hunc
538 621 604 668 non
637 620 710 670 esse
744 621 817 668 oum
839 622 881 667 eo
901 602 956 687 qui
985 602 1163 669 orationem
1184 603 1389 674 undecimam

250 693 378 778 scripsit
409 691 462 755 nel
494 688 667 766 interuallo
702 689 788 771 quod
816 688 988 756 intercedit
1009 689 1222 776 septuaginta
1242 692 1309 758 lere
1335 709 1389 760 au·-

250 798 361 846 norum
384 776 550 842 eniucitur.
680 779 683 786 '
995 821 999 832 .
1046 803 1049 810 ⁴
1166 813 1168 820 ι
1274 813 1278 823 ·
1354 795 1408 836 ·.:

336 863 475 931 Granius
497 882 575 928 uero
596 881 659 928 nec
679 862 852 927 lemniacile
876 861 918 927 ad
934 861 1175 928 diiudicandum
1199 869 1258 949 ent,
1282 871 1387 932 utrum

250 954 292 1019 als
313 971 376 1018 uno
400 956 528 1015 aucmre
551 949 708 1032 originem
738 949 858 1015 ducant
891 948 955 1015 duo
990 949 1022 1013 hi
1055 949 1097 1014 de
1129 949 1245 1032 q'uibus
1281 951 1407 1036 agitur-

249 1038 446 1124 panegyrici
472 1037 504 1101 id
527 1035 612 1119 quod
628 1035 758 1120 :priores
783 1035 956 1102 adfirmant
976 1035 1120 1101 editores
1139 1055 1241 1122 prope
1263 1039 1384 1106 omne's'

250 1146 292 1191 an
314 1145 389 1190 non.
423 1129 455 1188 st
477 1130 669 1207 argumente
692 1124 822 1204 quidem
844 1122 970 1188 illorum
993 1121 1179 1188 adcuratius
1202 1123 1230 1188 si
1266 1125 1388 1190 exami-

249 1213 380 1278 naueris
406 1210 517 1275 statim
547 1211 709 1292 consulunt.
756 1211 875 1276 etenim
909 1209 996 1292 quod
1029 1209 1225 1276 recentiores
1250 1212 1303 1276 ad
1335 1229 1389 1278 ue-

249 1299 399 1365 tustiores
428 1302 606 1382 prosecant
640 1296 789 1380 editores,
827 1295 864 1362 id
894 1315 1025 1380 prorsus
1058 1296 1312 1380 neglegendum·
1327 1308 1388 1366 est,¹

249 1385 365 1453 deinde
388 1383 475 1466 quod
498 1384 688 1468 panegyrici
711 1384 796 1450 tertii
818 1389 929 1449 auctor
951 1382 1031 1448 dicit
1050 1401 1112 1468 oap
1146 1386 1174 1467 l,
1198 1385 1412 1464 edessenam„

247 1485 384 1560 inquiam,
404 1480 594 1554 potissimum
615 1481 656 1536 nt·
670 1496 717 1538 mc
730 1477 907 1556 digerutioae
930 1493 990 1558 quo
1008 1476 1127 1554 prtdcm
1151 1476 1386 1538 ardicius-m·
1407 1492 1412 1518 ¹

247 1582 301 1626 stes
323 1565 447 1624 urrmrcs
469 1563 501 1622 et
516 1575 588 1642 cap.
604 1560 666 1642 5,1
690 1564 794 1623 redde
808 1565 908 1624 retur
922 1563 1037 1624 telltcls
1052 1565 1249 1638 ulcmrte'sqre
1263 1571 1387 1636 cestus,

247 1654 454 1712 sanctissime
475 1653 650 1728 imperator,
673 1659 705 1711 et
728 1649 816 1710 νηπίη·
830 1665 946 1710 semino
967 1650 1135 1726 eloquentis
1147 1649 1289 1726 prosilite
1299 1667 1388 1728 urepc

248 1740 392 1798 annuos
415 1745 444 1797 ct
468 1755 523 1815 ego
543 1737 670 1812 pridem,
700 1755 766 1804 nrm
794 1738 869 1796 nrtks'
896 1738 1067 1799 uadimonia
1102 1745 1177 1800 tune
1209 1737 1320 1799 dicens
1343 1733 1387 1814 dt·

245 1825 356 1903 gualie
370 1842 439 1885 auru
453 1828 569 1899 coptam
585 1821 706 1885 tradutt'
724 1833 874 1904 quantum
887 1819 984 1901 potul*
1000 1825 1192 1901 proednnut,
1207 1837 1250 1899 aa
1271 1837 1310 1883 eo
1331 1819 1389 1884 nri·

248 1926 309 1971 nus
331 1912 419 1972 recte
447 1905 495 1969 illi
517 1904 684 1989 conligunt
716 1912 875 1970 oratorem
902 1905 1327 1991 respicerepsnegyrieum‘
1341 1907 1387 1971 al,

247 1998 357 2058 terum.
404 2011 477 2055 nam
501 1991 587 2074 quod
610 1989 773 2080 expressis
796 1993 960 2058 uerbiset
983 1991 1067 2058 alios
1087 1993 1204 2056 multos
1227 1991 1381 2058 uictorias

248 2078 436 2144 Maximiani
469 2085 558 2143 etse
582 2078 708 2162 pridem
741 2097 849 2144 coram
883 2079 1075 2164 imperatore
1097 2077 1308 2164 praedicasse
1330 2079 1386 2164 ait,
1401 2113 1415 2128 ι·

249 2165 300 2231 liis
332 2171 457 2230 tantum
486 2165 580 2230 abest
606 2171 641 2230 ut
660 2165 779 2250 ,ipsam
813 2165 903 2230 illam
936 2168 1112 2232 orationem
1135 2165 1273 2250 priorem
1295 2183 1388 2232 suam

248 2270 321 2320 esse
343 2250 574 2335 designauerit,
597 2253 767 2324 useodem
782 2251 1030 2318 iureauctorcm
1046 2253 1116 2318 eius
1132 2252 1387 2333 unamaliquam
1409 2297 1412 2314 .

248 2359 289 2404 ex
317 2339 425 2405 multis
457 2337 521 2402 illis
549 2355 637 2418 quos.
663 2346 890 2404 commemorat
922 2339 1022 2406 fuisse
1054 2339 1152 2404 liceat
1183 2339 1386 2405 contendere.

247 2426 357 2507 itaque
381 2425 475 2492 huius
498 2423 776 2492 meditationibus
799 2444 878 2490 cum·
893 2445 953 2492 nec
975 2424 1389 2511 cornprobetnr‘qnidquam

248 2531 309 2576 nec
330 2510 619 2594 infirmetur,·nilril
642 2518 745 2578 restat
765 2511 829 2576 nisi
850 2518 887 2576 ut
908 2511 1110 2596 potissimum
1125 2511 1211 2594 quod
1235 2510 1388 2577 adt'eruut

249 2604 473 2679 argumentum
496 2597 661 2663 amborum
693 2597 910 2664 inscribendi
933 2617 1054 2684 genere
1074 2598 1318 2682 congruentium
1333 2598 1386 2667 di·

249 2683 401 2766 ligentlus
423 2681 652 2768 expendamus.
980 2730 983 2739 ,
1162 2709 1164 2717 ·
1250 2731 1253 2741 -
1337 2687 1366 2736 Ἴ

287 2791 291 2822 2
335 2771 442 2854 Atque
465 2771 525 2835 hac
551 2771 585 2836 in
608 2791 642 2837 re
665 2772 761 2838 ambo
793 2773 983 2859 panegyrici
1019 2788 1119 2857 saepe
1152 2771 1237 2836 inter
1270 2789 1310 2836 se
1328 2770 1387 2836 *itu

248 2855 326 2924 milri
349 2857 498 2923 uidentur
520 2857 715 2944 discrepare,
752 2866 788 2923 ut
811 2879 874 2924 non
897 2860 941 2925 ab
963 2878 1026 2924 uno
1058 2855 1236 2941 eodemque
1260 2865 1387 2924 cratere

248 2963 305 3009 eos
327 2963 401 3010 esse
425 2944 550 3011 hundos
573 2945 714 3011 credam.
760 2945 819 3011 sed
840 2965 912 3010 cnm
935 2951 1051 3030 postea
1082 2943 1124 3010 de
1147 2943 1313 3011 scribendi
1334 2963 1386 3009 ec

248 3047 318 3096 rum
340 3049 460 3116 genere
483 3031 577 3115 plura
599 3051 760 3118 exponere
782 3030 860 3101 milri
875 3031 1107 3120 proposuerim,
1129 3030 1282 3097 hocloco
1306 3029 1388 3096 satis

249 3117 311 3183 erit
331 3135 490 3184 sumniam
504 3116 742 3204 discrepantiae
758 3120 871 3204 paucis
886 3119 1098 3203 significasse.
1121 3118 1156 3183 in
1171 3116 1284 3202 primis
1299 3117 1386 3182 euim

248 3205 281 3269 in
304 3203 497 3270 adhibendis
509 3203 622 3288 liguris
644 3205 792 3272 oratoriis
807 3223 898 3271 suam
919 3213 1055 3287 uterque
1070 3203 1215 3287 sequitur
1230 3204 1387 3270 rationem

248 3292 349 3356 etita
381 3289 522 3374 quidem,
560 3299 595 3357 ut
627 3291 761 3358 ulterius
794 3292 895 3358 orado
929 3291 1071 3358 ornatior
1105 3298 1202 3374 atque
1235 3289 1391 3376 comptior

249 3377 380 3444 alterins
403 3377 575 3463 impolitior
608 3386 642 3448 et
671 3377 846 3464 simplicior
879 3377 1044 3463 procedat.
1088 3384 1260 3464 praeterea
1280 3383 1391 3443 annm

248 3479 309 3527 usn
345 3469 378 3528 st
412 3465 637 3536 uocabulorum
670 3473 703 3531 et
719 3486 722 3497 ¹
736 3465 842 3532 rerum
876 3464 1157 3549 grammaticarum
1180 3462 1389 3530 multifariam

249 3549 332 3616 inter
353 3568 389 3614 se
411 3547 543 3616 distant.
572 3551 658 3635 qnod
673 3571 750 3618 uero
772 3552 871 3618 etiam
894 3553 927 3618 iu
950 3550 1133 3618 cerimoniis
1147 3548 1265 3633 quibus
1281 3567 1390 3616 nonam

248 3635 494 3720 imperatoribus
516 3638 581 3703 illis
614 3639 661 3704 uti
684 3659 765 3724 opus
788 3646 869 3725 erat,
907 3637 1039 3722 aliquod
1073 3655 1183 3704 eorum
1215 3635 1390 3703 discrimen

248 3721 449 3807 obseruator,
486 3723 521 3788 id
549 3724 597 3789 ὀᾶ
621 3725 705 3792 lianc
728 3732 871 3792 nonnam
892 3725 933 3791 dc
957 3726 1142 3791 auctoribus
1164 3724 1391 3806 quaestionem

248 3807 437 3875 soluendam
452 3828 566 3894 parum
589 3806 673 3878 facil.
720 3831 837 3897 nempe
859 3811 975 3878 ternae
998 3817 1110 3878 auctor
1131 3808 1288 3877 orationis
1310 3829 1390 3876 none

247 3896 428 3962 maiestatis
450 3898 625 3964 coniuncta
646 3917 718 3969 cum
741 3899 928 3984 pronomine
951 3898 1137 3984 possession
1167 3917 1325 3982 persona
1347 3897 1393 3962 al

248 3982 347 4048 terium
369 3983 492 4068 pariter
513 3985 581 4052 fere
604 3986 703 4052 utitur
725 4005 763 4051 ac
786 3985 993 4070 Francogalli
1016 3985 1067 4055 lris
1089 3997 1173 4051 ostro
1194 3988 1322 4067 quest‘c'
1339 4003 1394 4050 nn

247 4069 381 4154 canulis,
404 4069 543 4140 eundem
566 4071 650 4138 alter
673 4079 781 4140 orator
802 4092 897 4138 nsum
917 4073 1053 4158 spreuit.
1094 4070 1225 4138 nmedit
1245 4069 1334 4154 quod
1356 4069 1391 4136 in

246 4155 446 4242 panegyrico
468 4157 572 4226 altero
593 4158 813 4228 Maximianus
845 4177 911 4226 non
945 4163 1033 4226 certo
1067 4157 1199 4226 honoris
1220 4155 1395 4225 titulo·-sed
