3146 4714
705 291 745 356 18

157 457 250 523 hodic
282 477 440 541 nusquam
474 468 642 546 comparet.
688 461 728 528 dc
763 463 928 528 Vaticanis
963 462 1125 530 codicibus
1155 465 1294 549 Eyssen·

158 545 312 623 nardtaor
336 547 465 631 scripsit
487 549 623 611 amicum
647 549 785 630 aliquem
819 550 894 616 olim
918 550 980 614 sibi
1003 549 1190 616 adfirmasse
1215 549 1294 619 nihil

157 631 277 696 Romae
300 635 430 698 saeculo
453 635 562 714 quinto
585 633 708 699 decimo
724 637 886 718 antiquius
902 635 1034 720 reperiri
1050 637 1198 720 idemque
1211 640 1294 704 Hen-

156 718 255 782 ricum
268 719 442 784 Bruanium
463 721 524 786 sibi
546 721 733 786 adfirmasse
745 723 902 788 Hearicns
915 723 1048 799 aeriae»
1073 723 1212 790 tradidit⁴
1239 745 1293 791 ne-

156 821 217 886 que
240 805 338 870 ullum
361 825 469 870 corum
503 826 584 888 quae
618 810 826 874 tractauimus
853 811 1118 894 apographorum
1132 818 1207 876 ante
1229 813 1296 878 XV'

157 892 321 956 saeculnm
344 893 498 978 seriptum
521 893 621 960 tuisse
643 903 893 960 consentancum
917 904 972 960 eat

687 1649 757 1713 11.

215 1874 262 1954 lle
278 1869 485 1977 panegyricis
503 1873 531 1954 ll
550 1874 582 1954 ot
601 1873 643 1954 lll
664 1870 718 1976 qul
736 1867 927 1956 Maarertino
946 1867 1086 1956 adtribui
1105 1869 1222 1955 solent.

241 2057 624 2123 avenacarmen
668 2058 826 2124 Absoluta
858 2057 963 2142 priore
1000 2056 1187 2138 quaestione
1222 2057 1284 2124 iam

153 2150 363 2210 transeuntes
386 2143 427 2210 ad
444 2145 657 2229 panegyricos
681 2145 768 2228 ipsos
791 2143 1025 2208 examinandos
1048 2145 1206 2226 eligamus
1229 2164 1285 2210 eos

157 2231 212 2312 qai
250 2233 282 2294 in
319 2230 459 2297 editione
493 2231 653 2316 Valpiaaa
684 2231 865 2296 l'linianunr
889 2230 990 2294 secuti
1007 2227 1286 2296 ClaudioManrer-

156 2317 224 2382 tino
247 2317 341 2400 uolgo
364 2317 554 2384 tribuuntur.
600 2324 721 2383 ocrtrrm
749 2319 809 2382 hoo
831 2316 947 2384 Claudi
968 2315 1150 2382 Mamertini
1173 2337 1289 2382 nomen

156 2423 221 2468 aaa
243 2410 366 2468 tantum
390 2401 491 2469 oratio
514 2403 653 2488 exhibet,
677 2422 759 2487 quac
782 2402 952 2468 undecima
975 2410 1024 2468 est
1047 2403 1078 2466 in
1095 2403 1289 2468 editionibus

156 2491 397 2574 recentioribus,
423 2490 455 2554 in
479 2490 567 2557 libris
591 2499 697 2555 autem
720 2489 948 2573 manuscriptis
971 2490 1066 2556 tertia
1089 2509 1109 2553 a
1131 2489 1289 2554 Pliniana.

156 2591 266 2642 earum
289 2595 366 2642 uero
389 2577 567 2642 orationum
590 2577 759 2659 inquibus
783 2596 841 2641 nos
863 2576 1064 2642 uersabimur
1086 2576 1212 2642 codices
1235 2582 1291 2640 ant

158 2664 318 2730 neminem
354 2661 493 2746 produnt
524 2669 685 2728 auctorem
720 2672 777 2728 aut
809 2670 962 2729 incertam
997 2671 1053 2728 aut
1075 2669 1290 2734 Gerrrbliccnnr

156 2749 327 2834 quendam,
351 2749 437 2832 quod
459 2769 575 2816 nomen
598 2771 638 2816 ex
672 2769 751 2816 uoce
783 2755 971 2832 pcnetbliaci
1004 2750 1140 2815 orationi
1164 2749 1290 2828 adiecta

156 2837 281 2919 tertiae,
304 2837 422 2921 quippe
446 2856 529 2918 quae
553 2835 594 2902 ad
607 2835 692 2902 diem
715 2836 942 2902 celebrandum
961 2835 1149 2902 Maximiani
1172 2841 1204 2899 et
1218 2834 1290 2900 Dio-

155 2923 286 2988 cletiani
302 2923 442 2988 natalem
460 2923 572 2989 habita
587 2924 638 3003 sit,
664 2929 766 2988 ortum
783 2943 856 2989 esse
872 2923 935 2987 iam
952 2921 1133 3006 superiores
1149 2921 1288 2988 editores

154 3010 392 3076 intellexerunt.
416 3030 456 3075 ex
479 3030 542 3074 uno
565 3015 689 3076 tantam
712 3010 821 3076 codice
844 3007 984 3074 aGrrdio
1008 3007 1193 3074 adnotatum
1217 3028 1289 3073 esse

154 3096 253 3162 tradit
277 3096 480 3162 Schwaraius
503 3097 733 3182 panegyricum
758 3096 886 3162 tertium
909 3095 1062 3179 scripturn
1085 3115 1157 3162 esse
1181 3116 1201 3160 a
1223 3096 1288 3160 Ma-

155 3183 300 3250 mertina.
346 3183 404 3248 sed
427 3202 532 3265 neque
555 3185 609 3265 qui
633 3185 687 3248 ille
710 3183 752 3248 sit
774 3183 876 3247 codex
899 3181 1035 3268 adparct
1052 3190 1109 3248 aut
1131 3181 1214 3248 unde
1236 3180 1289 3244 de-

154 3271 292 3354 scriptus
310 3288 415 3352 aeque
438 3271 533 3335 unius
567 3271 660 3343 istius
682 3270 755 3336 libri
788 3269 939 3334 indicium
963 3269 1136 3351 quidquam
1160 3267 1289 3332 ualebit.

153 3357 291 3422 tortasse
315 3357 498 3422 Mamertini
520 3376 636 3422 nomen
659 3378 680 3422 a
702 3357 879 3422 recentiore
895 3375 992 3422 manu
1016 3354 1047 3418 in
1064 3354 1177 3419 libram
1201 3353 1289 3419 illum

153 3443 287 3508 inlatum
311 3450 369 3520 est,
392 3445 530 3510 l'ortassc
565 3463 648 3526 quae
676 3449 747 3508 erat
768 3442 843 3508 olim
866 3441 1030 3508 doctorum
1053 3440 1214 3506 hominum
1237 3461 1291 3506 ne·

152 3529 321 3614 glegsntia
344 3531 481 3614 scriptos
505 3531 602 3596 libros
626 3551 688 3594 non
705 3529 970 3612 distinguentium
991 3529 1034 3612 ¹ab
1049 3525 1225 3610 impressis,
1249 3549 1291 3594 ae

152 3636 193 3680 ea
216 3615 326 3682 codice
354 3617 484 3699 quidem
518 3618 577 3682 sed
609 3637 651 3684 ex
685 3617 791 3700 prisca
814 3615 955 3682 editione
989 3615 1195 3698 adsumptum
1229 3623 1289 3680 est.

152 3722 225 3768 cum
248 3703 409 3786 igiturex
432 3696 548 3770 ceteris
577 3703 750 3787 codicibus,
788 3703 877 3768 uelut
911 3722 928 3767 e
951 3701 1125 3767 Puteaneis
1157 3720 1290 3783 qraorum

152 3797 277 3872 partem
314 3790 446 3856 maioris
481 3791 564 3874 preti
599 3809 671 3856 csse
706 3807 805 3874 supra
838 3789 1146 3872 demonstrauimus,
1184 3789 1289 3854 nullus

152 3876 339 3942 alterutram
362 3877 539 3943 orationem
561 3877 751 3942 Mamertino
774 3876 927 3959 uindicet,
949 3875 1133 3941 testimonio
1156 3873 1291 3939 auetori-

222 4124 264 4192 aa)
281 4131 324 4176 cir.
342 4130 409 4176 Lect.
430 4141 520 4188 paneg.
539 4140 565 4185 p.
586 4129 607 4174 3.

222 4193 265 4262 26)
282 4200 311 4245 ia
327 4197 401 4258 praes.
423 4195 456 4243 ad
472 4195 539 4241 Plin.
558 4210 596 4255 ep.
616 4200 640 4241 et
657 4210 706 4256 pan
731 4211 757 4256 p.
776 4195 846 4246 xm.
