<?xml version="1.0" encoding="UTF-8"?>
<!DOCTYPE html PUBLIC "-//W3C//DTD XHTML 1.0 Transitional//EN"
    "http://www.w3.org/TR/xhtml1/DTD/xhtml1-transitional.dtd">
<html xmlns="http://www.w3.org/1999/xhtml" xml:lang="en" lang="en">
 <head>
  <title>
</title>
<meta http-equiv="Content-Type" content="text/html;charset=utf-8" />
  <meta name='ocr-system' content='tesseract 3.04.00' />
  <meta name='ocr-capabilities' content='ocr_page ocr_carea ocr_par ocr_line ocrx_word'/>
</head>
<body>
  <div class='ocr_page' id='page_1' title='image "./dexiipanegyrici00ruehgoog_0037.png"; bbox 0 0 3146 4714; ppageno 0'>
   <div class='ocr_carea' id='block_1_1' title="bbox 420 1125 1130 1225">
    <p class='ocr_par' dir='ltr' id='par_1_1' title="bbox 420 1125 1130 1225">
     <span class='ocr_line' id='line_1_1' title="bbox 420 1125 1130 1225; baseline 0.007 -5"><span class='ocrx_word' id='word_1_1' title='bbox 420 1143 558 1222; x_wconf 85' lang='lat' dir='ltr'><strong>uuuo</strong></span> <span class='ocrx_word' id='word_1_2' title='bbox 592 1125 727 1220; x_wconf 79' lang='lat' dir='ltr'><strong>num</strong></span> <span class='ocrx_word' id='word_1_3' title='bbox 762 1141 828 1218; x_wconf 86' lang='lat' dir='ltr'><strong>un</strong></span> <span class='ocrx_word' id='word_1_4' title='bbox 861 1139 982 1218; x_wconf 74' lang='lat' dir='ltr'><strong>urus</strong></span> <span class='ocrx_word' id='word_1_5' title='bbox 1017 1140 1130 1225; x_wconf 78' lang='lat' dir='ltr'><strong>suu.</strong></span> 
     </span>
    </p>
   </div>
   <div class='ocr_carea' id='block_1_2' title="bbox 205 1389 1423 2414">
    <p class='ocr_par' dir='ltr' id='par_1_2' title="bbox 205 1389 1423 2414">
     <span class='ocr_line' id='line_1_2' title="bbox 291 1389 1338 1471; baseline -0.003 -16"><span class='ocrx_word' id='word_1_6' title='bbox 291 1393 395 1456; x_wconf 89' lang='lat' dir='ltr'><strong>Natus</strong></span> <span class='ocrx_word' id='word_1_7' title='bbox 418 1411 489 1456; x_wconf 89' lang='lat' dir='ltr'><strong>sum</strong></span> <span class='ocrx_word' id='word_1_8' title='bbox 511 1412 540 1455; x_wconf 89' lang='lat' dir='ltr'><strong>a.</strong></span> <span class='ocrx_word' id='word_1_9' title='bbox 557 1390 585 1455; x_wconf 96' lang='lat' dir='ltr'><strong>d.</strong></span> <span class='ocrx_word' id='word_1_10' title='bbox 603 1392 647 1456; x_wconf 88' lang='lat' dir='ltr'><strong>VI</strong></span> <span class='ocrx_word' id='word_1_11' title='bbox 669 1391 710 1455; x_wconf 87' lang='lat' dir='ltr'><strong>id.</strong></span> <span class='ocrx_word' id='word_1_12' title='bbox 734 1392 852 1455; x_wconf 81' lang='lat' dir='ltr'><strong>octobr.</strong></span> <span class='ocrx_word' id='word_1_13' title='bbox 875 1389 952 1454; x_wconf 87' lang='lat' dir='ltr'><strong>anni</strong></span> <span class='ocrx_word' id='word_1_14' title='bbox 974 1389 1001 1453; x_wconf 91' lang='lat' dir='ltr'><strong>h.</strong></span> <span class='ocrx_word' id='word_1_15' title='bbox 1027 1409 1050 1455; x_wconf 86' lang='lat' dir='ltr'><strong>s.</strong></span> <span class='ocrx_word' id='word_1_16' title='bbox 1071 1390 1160 1454; x_wconf 88' lang='lat' dir='ltr'><strong>XLV</strong></span> <span class='ocrx_word' id='word_1_17' title='bbox 1176 1389 1338 1471; x_wconf 85' lang='lat' dir='ltr'><strong>&#39;Panglimi</strong></span> 
     </span>
     <span class='ocr_line' id='line_1_3' title="bbox 206 1492 1337 1580; baseline -0.003 -22"><span class='ocrx_word' id='word_1_18' title='bbox 206 1495 240 1558; x_wconf 91' lang='lat' dir='ltr'><strong>in</strong></span> <span class='ocrx_word' id='word_1_19' title='bbox 273 1495 390 1580; x_wconf 87' lang='lat' dir='ltr'><strong>oppido</strong></span> <span class='ocrx_word' id='word_1_20' title='bbox 420 1495 629 1560; x_wconf 87' lang='lat' dir='ltr'><strong>Pomeraniae</strong></span> <span class='ocrx_word' id='word_1_21' title='bbox 664 1501 755 1580; x_wconf 87' lang='lat' dir='ltr'><strong>patro</strong></span> <span class='ocrx_word' id='word_1_22' title='bbox 786 1494 942 1560; x_wconf 84' lang='lat' dir='ltr'><strong>Guilelmo</strong></span> <span class='ocrx_word' id='word_1_23' title='bbox 980 1499 1081 1557; x_wconf 89' lang='lat' dir='ltr'><strong>matre</strong></span> <span class='ocrx_word' id='word_1_24' title='bbox 1111 1492 1291 1576; x_wconf 85' lang='lat' dir='ltr'><strong>Josephina</strong></span> <span class='ocrx_word' id='word_1_25' title='bbox 1319 1512 1337 1556; x_wconf 90' lang='lat' dir='ltr'>e</span> 
     </span>
     <span class='ocr_line' id='line_1_4' title="bbox 206 1595 1423 1683; baseline -0.002 -20"><span class='ocrx_word' id='word_1_26' title='bbox 206 1606 302 1681; x_wconf 89' lang='lat' dir='ltr'><strong>gente</strong></span> <span class='ocrx_word' id='word_1_27' title='bbox 318 1600 444 1681; x_wconf 82' lang='lat' dir='ltr'>Weber,</span> <span class='ocrx_word' id='word_1_28' title='bbox 468 1619 547 1681; x_wconf 89' lang='lat' dir='ltr'><strong>quos</strong></span> <span class='ocrx_word' id='word_1_29' title='bbox 563 1599 667 1664; x_wconf 84' lang='lat' dir='ltr'><strong>adhue</strong></span> <span class='ocrx_word' id='word_1_30' title='bbox 684 1597 872 1683; x_wconf 80' lang='lat' dir='ltr'><strong>superstites</strong></span> <span class='ocrx_word' id='word_1_31' title='bbox 888 1617 959 1662; x_wconf 88' lang='lat' dir='ltr'><strong>esse</strong></span> <span class='ocrx_word' id='word_1_32' title='bbox 977 1596 1182 1662; x_wconf 88' lang='lat' dir='ltr'><strong>uehementer</strong></span> <span class='ocrx_word' id='word_1_33' title='bbox 1197 1595 1334 1679; x_wconf 82' lang='lat' dir='ltr'>gaudeo.</span> <span class='ocrx_word' id='word_1_34' title='bbox 1420 1607 1423 1612; x_wconf 84' lang='lat'>&#39;</span> 
     </span>
     <span class='ocr_line' id='line_1_5' title="bbox 205 1700 1335 1788; baseline 0.002 -23"><span class='ocrx_word' id='word_1_35' title='bbox 205 1701 281 1766; x_wconf 87' lang='lat' dir='ltr'><strong>fidei</strong></span> <span class='ocrx_word' id='word_1_36' title='bbox 303 1703 450 1768; x_wconf 87' lang='lat' dir='ltr'><strong>addictus</strong></span> <span class='ocrx_word' id='word_1_37' title='bbox 473 1725 542 1769; x_wconf 91' lang='lat' dir='ltr'><strong>sum</strong></span> <span class='ocrx_word' id='word_1_38' title='bbox 559 1703 766 1788; x_wconf 87' lang='lat' dir='ltr'><strong>euangeiieae</strong></span> <span class='ocrx_word' id='word_1_39' title='bbox 808 1703 984 1767; x_wconf 89' lang='lat' dir='ltr'><strong>litterarum</strong></span> <span class='ocrx_word' id='word_1_40' title='bbox 999 1700 1180 1786; x_wconf 81' lang='lat' dir='ltr'><strong>primordiis</strong></span> <span class='ocrx_word' id='word_1_41' title='bbox 1195 1701 1335 1768; x_wconf 91' lang='lat' dir='ltr'><strong>imbutus</strong></span> 
     </span>
     <span class='ocr_line' id='line_1_6' title="bbox 208 1806 1338 1892; baseline 0.003 -23"><span class='ocrx_word' id='word_1_42' title='bbox 208 1807 241 1870; x_wconf 90' lang='lat' dir='ltr'><strong>in</strong></span> <span class='ocrx_word' id='word_1_43' title='bbox 270 1807 394 1891; x_wconf 86' lang='lat' dir='ltr'><strong>patriae</strong></span> <span class='ocrx_word' id='word_1_44' title='bbox 429 1809 633 1892; x_wconf 89' lang='lat' dir='ltr'><strong>gymnasium</strong></span> <span class='ocrx_word' id='word_1_45' title='bbox 670 1829 754 1874; x_wconf 87' lang='lat' dir='ltr'><strong>anno</strong></span> <span class='ocrx_word' id='word_1_46' title='bbox 783 1809 855 1873; x_wconf 92' lang='lat' dir='ltr'><strong>LIV</strong></span> <span class='ocrx_word' id='word_1_47' title='bbox 884 1814 1031 1890; x_wconf 82' lang='lat' dir='ltr'><strong>receptus</strong></span> <span class='ocrx_word' id='word_1_48' title='bbox 1061 1822 1152 1890; x_wconf 68' lang='lat' dir='ltr'><strong>sum,</strong></span> <span class='ocrx_word' id='word_1_49' title='bbox 1182 1806 1232 1871; x_wconf 90' lang='lat' dir='ltr'><strong>eui</strong></span> <span class='ocrx_word' id='word_1_50' title='bbox 1263 1812 1338 1872; x_wconf 89' lang='lat' dir='ltr'><strong>tune</strong></span> 
     </span>
     <span class='ocr_line' id='line_1_7' title="bbox 210 1909 1338 1997; baseline 0.004 -23"><span class='ocrx_word' id='word_1_51' title='bbox 210 1909 449 1977; x_wconf 82' lang='lat' dir='ltr'><strong>Sonrmerbrodt</strong></span> <span class='ocrx_word' id='word_1_52' title='bbox 471 1910 587 1978; x_wconf 89' lang='lat' dir='ltr'><strong>deinde</strong></span> <span class='ocrx_word' id='word_1_53' title='bbox 603 1914 763 1978; x_wconf 87' lang='lat' dir='ltr'><strong>Bormann</strong></span> <span class='ocrx_word' id='word_1_54' title='bbox 786 1917 967 1997; x_wconf 83' lang='lat' dir='ltr'><strong>praeerant,</strong></span> <span class='ocrx_word' id='word_1_55' title='bbox 991 1912 1113 1977; x_wconf 88' lang='lat' dir='ltr'><strong>uiride</strong></span> <span class='ocrx_word' id='word_1_56' title='bbox 1137 1931 1186 1976; x_wconf 90' lang='lat' dir='ltr'><strong>me</strong></span> <span class='ocrx_word' id='word_1_57' title='bbox 1210 1918 1338 1996; x_wconf 85' lang='lat' dir='ltr'><strong>optume</strong></span> 
     </span>
     <span class='ocr_line' id='line_1_8' title="bbox 208 2015 1338 2101; baseline 0.002 -23"><span class='ocrx_word' id='word_1_58' title='bbox 208 2015 321 2079; x_wconf 90' lang='lat' dir='ltr'><strong>meriti.</strong></span> <span class='ocrx_word' id='word_1_59' title='bbox 367 2023 518 2082; x_wconf 91' lang='lat' dir='ltr'><strong>autumno</strong></span> <span class='ocrx_word' id='word_1_60' title='bbox 552 2017 628 2081; x_wconf 91' lang='lat' dir='ltr'><strong>anni</strong></span> <span class='ocrx_word' id='word_1_61' title='bbox 656 2019 760 2082; x_wconf 88' lang='lat' dir='ltr'>LXIV</span> <span class='ocrx_word' id='word_1_62' title='bbox 793 2016 1086 2101; x_wconf 82' lang='lat' dir='ltr'><strong>Gryphiswaldiam</strong></span> <span class='ocrx_word' id='word_1_63' title='bbox 1123 2037 1174 2080; x_wconf 91' lang='lat' dir='ltr'><strong>me</strong></span> <span class='ocrx_word' id='word_1_64' title='bbox 1209 2018 1338 2100; x_wconf 84' lang='lat' dir='ltr'><strong>contuli,</strong></span> 
     </span>
     <span class='ocr_line' id='line_1_9' title="bbox 209 2119 1337 2205; baseline 0.004 -24"><span class='ocrx_word' id='word_1_65' title='bbox 209 2126 243 2182; x_wconf 89' lang='lat' dir='ltr'><strong>ut</strong></span> <span class='ocrx_word' id='word_1_66' title='bbox 264 2119 464 2204; x_wconf 83' lang='lat' dir='ltr'><strong>philologieis</strong></span> <span class='ocrx_word' id='word_1_67' title='bbox 487 2121 601 2187; x_wconf 89' lang='lat' dir='ltr'><strong>studiis</strong></span> <span class='ocrx_word' id='word_1_68' title='bbox 624 2141 754 2205; x_wconf 89' lang='lat' dir='ltr'><strong>operam</strong></span> <span class='ocrx_word' id='word_1_69' title='bbox 776 2139 939 2185; x_wconf 73' lang='lat' dir='ltr'><strong>nauarent.</strong></span> <span class='ocrx_word' id='word_1_70' title='bbox 973 2141 1030 2204; x_wconf 93' lang='lat' dir='ltr'><strong>per</strong></span> <span class='ocrx_word' id='word_1_71' title='bbox 1045 2127 1202 2186; x_wconf 82' lang='lat' dir='ltr'><strong>reetorem</strong></span> <span class='ocrx_word' id='word_1_72' title='bbox 1219 2121 1337 2204; x_wconf 86' lang='lat' dir='ltr'><strong>magni-</strong></span> 
     </span>
     <span class='ocr_line' id='line_1_10' title="bbox 208 2223 1338 2311; baseline 0.004 -26"><span class='ocrx_word' id='word_1_73' title='bbox 208 2223 301 2287; x_wconf 89' lang='lat' dir='ltr'><strong>ficum</strong></span> <span class='ocrx_word' id='word_1_74' title='bbox 329 2225 431 2290; x_wconf 91' lang='lat' dir='ltr'><strong>uirum</strong></span> <span class='ocrx_word' id='word_1_75' title='bbox 461 2226 505 2290; x_wconf 94' lang='lat' dir='ltr'><strong>ill.</strong></span> <span class='ocrx_word' id='word_1_76' title='bbox 558 2227 653 2290; x_wconf 82' lang='lat' dir='ltr'><strong>Beier</strong></span> <span class='ocrx_word' id='word_1_77' title='bbox 689 2225 811 2291; x_wconf 85' lang='lat' dir='ltr'><strong>ciuibus</strong></span> <span class='ocrx_word' id='word_1_78' title='bbox 844 2224 1037 2291; x_wconf 84' lang='lat' dir='ltr'><strong>aoadomiois</strong></span> <span class='ocrx_word' id='word_1_79' title='bbox 1073 2225 1253 2310; x_wconf 79' lang='lat' dir='ltr'><strong>adscriptus</strong></span> <span class='ocrx_word' id='word_1_80' title='bbox 1282 2247 1338 2311; x_wconf 85' lang='lat' dir='ltr'><strong>per·</strong></span> 
     </span>
     <span class='ocr_line' id='line_1_11' title="bbox 209 2329 1338 2414; baseline 0.004 -22"><span class='ocrx_word' id='word_1_81' title='bbox 209 2329 314 2394; x_wconf 82' lang='lat' dir='ltr'><strong>sexies</strong></span> <span class='ocrx_word' id='word_1_82' title='bbox 349 2349 444 2396; x_wconf 83' lang='lat' dir='ltr'><strong>senos</strong></span> <span class='ocrx_word' id='word_1_83' title='bbox 478 2350 605 2396; x_wconf 87' lang='lat' dir='ltr'><strong>menses</strong></span> <span class='ocrx_word' id='word_1_84' title='bbox 640 2330 835 2396; x_wconf 86' lang='lat' dir='ltr'><strong>disserentes</strong></span> <span class='ocrx_word' id='word_1_85' title='bbox 870 2329 979 2395; x_wconf 91' lang='lat' dir='ltr'><strong>audiui</strong></span> <span class='ocrx_word' id='word_1_86' title='bbox 1007 2329 1184 2394; x_wconf 81' lang='lat' dir='ltr'><strong>Buecheler</strong></span> <span class='ocrx_word' id='word_1_87' title='bbox 1213 2331 1338 2414; x_wconf 82' lang='lat' dir='ltr'><strong>Georgo</strong></span> 
     </span>
    </p>
   </div>
   <div class='ocr_carea' id='block_1_3' title="bbox 93 2433 1336 2500">
    <p class='ocr_par' dir='ltr' id='par_1_3' title="bbox 93 2433 1336 2500">
     <span class='ocr_line' id='line_1_12' title="bbox 93 2433 1336 2500; baseline 0.001 -2"><span class='ocrx_word' id='word_1_88' title='bbox 93 2439 96 2462; x_wconf 82' lang='lat'><strong>¹</strong></span> <span class='ocrx_word' id='word_1_89' title='bbox 208 2433 325 2498; x_wconf 83' lang='lat' dir='ltr'><strong>liirsoh</strong></span> <span class='ocrx_word' id='word_1_90' title='bbox 340 2434 458 2498; x_wconf 90' lang='lat' dir='ltr'><strong>Hoet&#39;er</strong></span> <span class='ocrx_word' id='word_1_91' title='bbox 472 2435 614 2500; x_wconf 89' lang='lat' dir='ltr'><strong>Preuner</strong></span> <span class='ocrx_word' id='word_1_92' title='bbox 630 2434 783 2500; x_wconf 83' lang='lat' dir='ltr'><strong>Sohaet&#39;er</strong></span> <span class='ocrx_word' id='word_1_93' title='bbox 800 2435 939 2499; x_wconf 80' lang='lat' dir='ltr'><strong>Sohmitz</strong></span> <span class='ocrx_word' id='word_1_94' title='bbox 956 2434 1157 2499; x_wconf 82' lang='lat' dir='ltr'><strong>Schoemann</strong></span> <span class='ocrx_word' id='word_1_95' title='bbox 1175 2434 1336 2500; x_wconf 87' lang='lat' dir='ltr'><strong>Susomihl</strong></span> 
     </span>
    </p>
   </div>
   <div class='ocr_carea' id='block_1_4' title="bbox 208 2536 1339 3146">
    <p class='ocr_par' dir='ltr' id='par_1_4' title="bbox 208 2536 1339 3146">
     <span class='ocr_line' id='line_1_13' title="bbox 209 2536 1339 2623; baseline 0.004 -23"><span class='ocrx_word' id='word_1_96' title='bbox 209 2536 334 2602; x_wconf 90' lang='lat' dir='ltr'><strong>Usener</strong></span> <span class='ocrx_word' id='word_1_97' title='bbox 356 2537 502 2622; x_wconf 87' lang='lat' dir='ltr'><strong>Usinger·</strong></span> <span class='ocrx_word' id='word_1_98' title='bbox 547 2539 716 2604; x_wconf 88' lang='lat' dir='ltr'><strong>seminario</strong></span> <span class='ocrx_word' id='word_1_99' title='bbox 739 2539 941 2623; x_wconf 88' lang='lat' dir='ltr'><strong>philologieo‚</strong></span> <span class='ocrx_word' id='word_1_100' title='bbox 974 2539 1059 2620; x_wconf 89' lang='lat' dir='ltr'><strong>quod</strong></span> <span class='ocrx_word' id='word_1_101' title='bbox 1082 2539 1283 2604; x_wconf 77' lang='lat' dir='ltr'><strong>Sohoemann</strong></span> <span class='ocrx_word' id='word_1_102' title='bbox 1307 2546 1339 2604; x_wconf 88' lang='lat' dir='ltr'><strong>et</strong></span> 
     </span>
     <span class='ocr_line' id='line_1_14' title="bbox 209 2640 1338 2737; baseline 0.005 -34"><span class='ocrx_word' id='word_1_103' title='bbox 209 2640 385 2706; x_wconf 89' lang='lat' dir='ltr'><strong>Bueoheler</strong></span> <span class='ocrx_word' id='word_1_104' title='bbox 407 2642 663 2728; x_wconf 87' lang='lat' dir='ltr'><strong>moderabantur,</strong></span> <span class='ocrx_word' id='word_1_105' title='bbox 691 2643 820 2709; x_wconf 84' lang='lat' dir='ltr'><strong>interfui</strong></span> <span class='ocrx_word' id='word_1_106' title='bbox 849 2663 907 2726; x_wconf 91' lang='lat' dir='ltr'><strong>per</strong></span> <span class='ocrx_word' id='word_1_107' title='bbox 935 2643 997 2707; x_wconf 89' lang='lat' dir='ltr'><strong>duo</strong></span> <span class='ocrx_word' id='word_1_108' title='bbox 1028 2644 1196 2708; x_wconf 87' lang='lat' dir='ltr'><strong>semestria</strong></span> <span class='ocrx_word' id='word_1_109' title='bbox 1219 2643 1338 2737; x_wconf 69' lang='lat' dir='ltr'><strong>sodalis</strong></span> 
     </span>
     <span class='ocr_line' id='line_1_15' title="bbox 208 2743 1337 2832; baseline 0.007 -26"><span class='ocrx_word' id='word_1_110' title='bbox 208 2743 397 2812; x_wconf 89' lang='lat' dir='ltr'><strong>ordinarius.</strong></span> <span class='ocrx_word' id='word_1_111' title='bbox 443 2748 588 2813; x_wconf 90' lang='lat' dir='ltr'><strong>omnibus</strong></span> <span class='ocrx_word' id='word_1_112' title='bbox 611 2747 660 2814; x_wconf 89' lang='lat' dir='ltr'><strong>his</strong></span> <span class='ocrx_word' id='word_1_113' title='bbox 683 2748 761 2812; x_wconf 89' lang='lat' dir='ltr'><strong>uiris</strong></span> <span class='ocrx_word' id='word_1_114' title='bbox 784 2754 911 2832; x_wconf 88' lang='lat' dir='ltr'><strong>optume</strong></span> <span class='ocrx_word' id='word_1_115' title='bbox 934 2747 974 2812; x_wconf 93' lang='lat' dir='ltr'><strong>de</strong></span> <span class='ocrx_word' id='word_1_116' title='bbox 997 2768 1047 2812; x_wconf 92' lang='lat' dir='ltr'><strong>me</strong></span> <span class='ocrx_word' id='word_1_117' title='bbox 1071 2747 1191 2812; x_wconf 90' lang='lat' dir='ltr'><strong>meritis</strong></span> <span class='ocrx_word' id='word_1_118' title='bbox 1215 2749 1337 2831; x_wconf 81' lang='lat' dir='ltr'><strong>gratias</strong></span> 
     </span>
     <span class='ocr_line' id='line_1_16' title="bbox 208 2852 1338 2937; baseline 0.007 -27"><span class='ocrx_word' id='word_1_119' title='bbox 208 2867 271 2929; x_wconf 89' lang='lat' dir='ltr'><strong>ago</strong></span> <span class='ocrx_word' id='word_1_120' title='bbox 293 2870 389 2932; x_wconf 87' lang='lat' dir='ltr'><strong>quarn</strong></span> <span class='ocrx_word' id='word_1_121' title='bbox 412 2872 585 2917; x_wconf 59' lang='lat' dir='ltr'><strong>maxumas,</strong></span> <span class='ocrx_word' id='word_1_122' title='bbox 630 2853 662 2917; x_wconf 89' lang='lat' dir='ltr'><strong>in</strong></span> <span class='ocrx_word' id='word_1_123' title='bbox 684 2852 795 2935; x_wconf 91' lang='lat' dir='ltr'><strong>primis</strong></span> <span class='ocrx_word' id='word_1_124' title='bbox 818 2857 925 2916; x_wconf 87' lang='lat' dir='ltr'><strong>autern</strong></span> <span class='ocrx_word' id='word_1_125' title='bbox 942 2852 1113 2916; x_wconf 85' lang='lat' dir='ltr'><strong>Francisoo</strong></span> <span class='ocrx_word' id='word_1_126' title='bbox 1130 2852 1338 2937; x_wconf 79' lang='lat' dir='ltr'><strong>Buechelero,</strong></span> 
     </span>
     <span class='ocr_line' id='line_1_17' title="bbox 209 2952 1338 3040; baseline 0.007 -26"><span class='ocrx_word' id='word_1_127' title='bbox 209 2952 263 3031; x_wconf 88' lang='lat' dir='ltr'><strong>qui</strong></span> <span class='ocrx_word' id='word_1_128' title='bbox 292 2961 445 3035; x_wconf 88' lang='lat' dir='ltr'><strong>quantum</strong></span> <span class='ocrx_word' id='word_1_129' title='bbox 473 2956 605 3040; x_wconf 87' lang='lat' dir='ltr'><strong>egregia</strong></span> <span class='ocrx_word' id='word_1_130' title='bbox 633 2957 856 3022; x_wconf 89' lang='lat' dir='ltr'><strong>beneuolentia</strong></span> <span class='ocrx_word' id='word_1_131' title='bbox 883 2962 915 3020; x_wconf 90' lang='lat' dir='ltr'><strong>et</strong></span> <span class='ocrx_word' id='word_1_132' title='bbox 943 2955 1086 3020; x_wconf 86' lang='lat' dir='ltr'><strong>docendo</strong></span> <span class='ocrx_word' id='word_1_133' title='bbox 1118 2964 1150 3020; x_wconf 89' lang='lat' dir='ltr'><strong>et</strong></span> <span class='ocrx_word' id='word_1_134' title='bbox 1173 2957 1338 3023; x_wconf 87' lang='lat' dir='ltr'><strong>suadendo</strong></span> 
     </span>
     <span class='ocr_line' id='line_1_18' title="bbox 208 3055 1220 3146; baseline 0.005 -24"><span class='ocrx_word' id='word_1_135' title='bbox 208 3055 316 3123; x_wconf 86' lang='lat' dir='ltr'><strong>studia</strong></span> <span class='ocrx_word' id='word_1_136' title='bbox 337 3080 409 3126; x_wconf 87' lang='lat' dir='ltr'><strong>mea</strong></span> <span class='ocrx_word' id='word_1_137' title='bbox 431 3061 555 3126; x_wconf 84' lang='lat' dir='ltr'><strong>auxerit</strong></span> <span class='ocrx_word' id='word_1_138' title='bbox 576 3060 629 3146; x_wconf 95' lang='lat' dir='ltr'><strong>pio</strong></span> <span class='ocrx_word' id='word_1_139' title='bbox 652 3068 805 3144; x_wconf 87' lang='lat' dir='ltr'><strong>gratoque</strong></span> <span class='ocrx_word' id='word_1_140' title='bbox 829 3061 935 3126; x_wconf 87' lang='lat' dir='ltr'><strong>animo</strong></span> <span class='ocrx_word' id='word_1_141' title='bbox 959 3081 1084 3145; x_wconf 90' lang='lat' dir='ltr'><strong>semper</strong></span> <span class='ocrx_word' id='word_1_142' title='bbox 1107 3062 1220 3127; x_wconf 87' lang='lat' dir='ltr'><strong>tenebo</strong></span> 
     </span>
    </p>
   </div>
   <div class='ocr_carea' id='block_1_5' title="bbox 0 0 1583 4708">
    <p class='ocr_par' dir='ltr' id='par_1_5' title="bbox 0 0 1583 4708">
     <span class='ocr_line' id='line_1_19' title="bbox 0 0 1583 4708; baseline 0 0"><span class='ocrx_word' id='word_1_143' title='bbox 0 0 1583 4708; x_wconf 95' lang='lat' dir='ltr'><strong> </strong></span> 
     </span>
    </p>
   </div>
  </div>
 </body>
</html>
